<record><leader>00000cas a2200000 a 4500</leader><controlfield tag="001">15996834</controlfield><controlfield tag="008">870618d19341942ilumr n       0   a0eng c</controlfield><datafield ind1=" " ind2=" " tag="010"><subfield code="a">  2009271172</subfield></datafield><datafield ind1=" " ind2=" " tag="040"><subfield code="a">WIH</subfield><subfield code="b">eng</subfield><subfield code="c">WIH</subfield><subfield code="d">OCL</subfield><subfield code="d">OCLCQ</subfield><subfield code="d">NVF</subfield><subfield code="d">OCLCF</subfield><subfield code="d">NVF</subfield><subfield code="d">OCLCO</subfield><subfield code="d">OCL</subfield><subfield code="d">NVF</subfield></datafield><datafield ind1=" " ind2=" " tag="019"><subfield code="a">8262863</subfield></datafield><datafield ind1=" " ind2=" " tag="042"><subfield code="a">pcc</subfield></datafield><datafield ind1=" " ind2=" " tag="043"><subfield code="a">n-us-il</subfield></datafield><datafield ind1="0" ind2=" " tag="130"><subfield code="a">Menard time (Menard, Ill. : 1934)</subfield></datafield><datafield ind1="1" ind2="0" tag="245"><subfield code="a">Menard time.</subfield></datafield><datafield ind1=" " ind2=" " tag="260"><subfield code="a">Menard, Ill. :</subfield><subfield code="b">Illinois State Penitentiary, Menard Branch,</subfield><subfield code="c">1934-1942.</subfield></datafield><datafield ind1=" " ind2=" " tag="300"><subfield code="a">v. :</subfield><subfield code="b">ill., ports.</subfield></datafield><datafield ind1=" " ind2=" " tag="310"><subfield code="a">Monthly,</subfield><subfield code="b">Sept. 1938-Apr. 1942</subfield></datafield><datafield ind1=" " ind2=" " tag="321"><subfield code="a">Biweekly,</subfield><subfield code="b">Dec. 1934-July 1938</subfield></datafield><datafield ind1="0" ind2=" " tag="362"><subfield code="a">Vol. 1, no. 1 (Dec. [15], 1934)-v. 7, no. 10 [i.e. 11] (Nov. 1941) ; new ser. v. 1, no. 1 (Dec. 1941)-v. 1, no. 5 (Apr. 1942).</subfield></datafield><datafield ind1=" " ind2=" " tag="500"><subfield code="a">"Published bi-weekly by inmates of the Illinois State Penitentiary. Menard, Ill."</subfield></datafield><datafield ind1=" " ind2=" " tag="530"><subfield code="a">Available on microfilm.</subfield></datafield><datafield ind1=" " ind2="0" tag="650"><subfield code="a">Prisoners</subfield><subfield code="z">Illinois</subfield><subfield code="z">Menard</subfield><subfield code="v">Newspapers.</subfield></datafield><datafield ind1=" " ind2="0" tag="650"><subfield code="a">Prisons</subfield><subfield code="z">Illinois</subfield><subfield code="z">Menard</subfield><subfield code="v">Newspapers.</subfield></datafield><datafield ind1=" " ind2="0" tag="650"><subfield code="a">Inmates of institutions</subfield><subfield code="z">Illinois</subfield><subfield code="z">Menard</subfield><subfield code="v">Newspapers.</subfield></datafield><datafield ind1=" " ind2="0" tag="650"><subfield code="a">Prison periodicals</subfield><subfield code="v">Newspapers.</subfield></datafield><datafield ind1=" " ind2="0" tag="651"><subfield code="a">Menard (Ill.)</subfield><subfield code="v">Newspapers.</subfield></datafield><datafield ind1=" " ind2="7" tag="650"><subfield code="a">Inmates of institutions.</subfield><subfield code="2">fast</subfield><subfield code="0">(OCoLC)fst00973691</subfield></datafield><datafield ind1=" " ind2="7" tag="650"><subfield code="a">Prison periodicals.</subfield><subfield code="2">fast</subfield><subfield code="0">(OCoLC)fst01077063</subfield></datafield><datafield ind1=" " ind2="7" tag="650"><subfield code="a">Prisoners.</subfield><subfield code="2">fast</subfield><subfield code="0">(OCoLC)fst01077103</subfield></datafield><datafield ind1=" " ind2="7" tag="650"><subfield code="a">Prisons.</subfield><subfield code="2">fast</subfield><subfield code="0">(OCoLC)fst01077326</subfield></datafield><datafield ind1=" " ind2="7" tag="651"><subfield code="a">Illinois</subfield><subfield code="z">Menard.</subfield><subfield code="2">fast</subfield><subfield code="0">(OCoLC)fst01884335</subfield></datafield><datafield ind1=" " ind2="7" tag="655"><subfield code="a">Newspapers.</subfield><subfield code="2">fast</subfield><subfield code="0">(OCoLC)fst01423814</subfield></datafield><datafield ind1="2" ind2=" " tag="710"><subfield code="a">Illinois State Penitentiary (Joliet, Ill.).</subfield><subfield code="b">Menard Branch.</subfield><subfield code="k">Newspapers.</subfield></datafield><datafield ind1=" " ind2=" " tag="752"><subfield code="a">United States</subfield><subfield code="b">Illinois</subfield><subfield code="c">Randolph</subfield><subfield code="d">Menard.</subfield></datafield><datafield ind1="0" ind2="0" tag="785"><subfield code="t">Menard time (Menard, Ill. : 1949)</subfield><subfield code="w">(DLC)  2009271173</subfield><subfield code="w">(OCoLC)15996946</subfield></datafield></record>